<?xml version="1.0" encoding="UTF-8"?><collection xmlns="http://www.loc.gov/MARC21/slim"><record><leader>00430nam--2200133-i-4500</leader><controlfield tag="001">000040222</controlfield><controlfield tag="002">20161230</controlfield><controlfield tag="005">20161230201042</controlfield><controlfield tag="008">060222s1000------------r-----000-0-eng-d</controlfield><datafield ind1=" " ind2=" " tag="080"><subfield code="a">001.891</subfield></datafield><datafield ind1=" " ind2=" " tag="100"><subfield code="a">Samoila,Constantin</subfield></datafield><datafield ind1=" " ind2=" " tag="245"><subfield code="a">Programe si obiective de cercetare si dezvoltare si de introducere a progresului tehnic. 11.strategii in domeniul cercetarii si dezvoltarii</subfield></datafield><datafield ind1=" " ind2=" " tag="260"><subfield code="a">Bucuresti, Inid, 1980. 71 P</subfield></datafield><datafield ind1=" " ind2=" " tag="852"><subfield code="a">48238</subfield></datafield></record></collection>